<?xml version="1.0" encoding="UTF-8"?><collection xmlns="http://www.loc.gov/MARC21/slim"><record><leader>00468nam--2200181-i-4500</leader><controlfield tag="001">000047439</controlfield><controlfield tag="002">20161230</controlfield><controlfield tag="005">20161230201046</controlfield><controlfield tag="008">060222s1000------------r-----000-0-eng-d</controlfield><datafield ind1=" " ind2=" " tag="020"><subfield code="a">0521096995</subfield></datafield><datafield ind1=" " ind2=" " tag="040"><subfield code="a">IFIN-HH</subfield></datafield><datafield ind1=" " ind2=" " tag="080"><subfield code="a">539.2:669</subfield></datafield><datafield ind1="1" ind2=" " tag="100"><subfield code="a">Wilkes, Peter</subfield></datafield><datafield ind1="1" ind2="0" tag="245"><subfield code="a">Solid state theory in metallurgy</subfield><subfield code="c">Peter wilkes</subfield></datafield><datafield ind1=" " ind2=" " tag="260"><subfield code="a">London</subfield><subfield code="b">Cambridge University Press</subfield><subfield code="c">1973</subfield></datafield><datafield ind1=" " ind2=" " tag="300"><subfield code="a">XII+453P</subfield></datafield><datafield ind1=" " ind2=" " tag="852"><subfield code="a">43921</subfield><subfield code="c">539.2</subfield></datafield><datafield ind1=" " ind2=" " tag="CAT"><subfield code="a">Sys</subfield><subfield code="c">20121025</subfield><subfield code="h">140008</subfield></datafield></record></collection>